@incollection{Li2004,
year={2004},
isbn={978-3-540-23722-8},
booktitle={Conceptual Modeling for Advanced Application Domains},
volume={3289},
series={Lecture Notes in Computer Science},
editor={Wang, Shan and Tanaka, Katsumi and Zhou, Shuigeng and Ling, Tok-Wang and Guan, Jihong and Yang, Dong-qing and Grandi, Fabio and Mangina, EleniE. and Song, Il-Yeol and Mayr, HeinrichC.},
doi={10.1007/978-3-540-30466-1_6},
title={GML Storage: A Spatial Database Approach},
url={http://dx.doi.org/10.1007/978-3-540-30466-1_6},
publisher={Springer Berlin Heidelberg},
author={Li, Yuzhen and Li, Jun and Zhou, Shuigeng},
pages={55-66}
}

@incollection{Zhu2011,
year={2011},
isbn={978-3-642-20243-8},
booktitle={Database Systems for Adanced Applications},
volume={6637},
series={Lecture Notes in Computer Science},
editor={Xu, Jianliang and Yu, Ge and Zhou, Shuigeng and Unland, Rainer},
doi={10.1007/978-3-642-20244-5_9},
title={Storing GML Documents: A Model-Mapping Based Approach},
url={http://dx.doi.org/10.1007/978-3-642-20244-5_9},
publisher={Springer Berlin Heidelberg},
keywords={Geography Markup Language; Schema; Model-mapping; Storage; Object-relational Database},
author={Zhu, Fubao and Guo, Qianqian and Yang, Jinmei},
pages={89-100}
}

@incollection{Zhang2008,
year={2008},
booktitle={The International Archives of the Photogrammetry, 
Remote Sensing and Spatial Information Sciences.},
volume={XXXVII},
series={Part B4},
title={STUDY ON NATIVE XML DATABASE BASED GML STORAGE MODEL},
publisher={Beijing},
author={Zhang, Shulian and Gan, Jiayan and Xu, Jiehui and Lv, Guonian}
}

@INPROCEEDINGS{Fubao2010,
author={Fubao Zhu and Hui Chen and Jihong Guan},
booktitle={Computer and Communication Technologies in Agriculture Engineering (CCTAE), 2010 International Conference On},
title={Querying GML documents: An XQuery based approach},
year={2010},
month={June},
volume={1},
pages={393-396},
keywords={XML;geographic information systems;query languages;visual databases;GML document querying;GML nonspatial query;GML query processor;Geography Markup Language;XML encoding;XQuery;datatype;geographic information exchange;geographic information representation;query language;spatial data;spatial operator;Syntactics;XML;GML;GML Query Processor;GQL;XML;XQuery},
doi={10.1109/CCTAE.2010.5545122},}

@INPROCEEDINGS{corcoles2001,
    author = {J. E Córcoles},
    title = {A specification of a spatial query language over GML},
    booktitle = {Proc. of the 9th ACM International Symposium on Advances in Geographic Information Systems},
    year = {2001},
    pages = {112--117}
}

@INPROCEEDINGS{Lisa2006,
author={ Xia (Lisa) Li},
booktitle={Proceedings of the 2006 International Conference on Internet Computing and Conference on Computer Games Development, ICOMP.},
title={XQuery as a Spatial Query Language},
year={2006},
month={January},
publisher={USA},}

@INPROCEEDINGS{Chen2010,
author={Jianhua Chen and Binbin He and Weihong Wang},
booktitle={Information Management and Engineering (ICIME), 2010 The 2nd IEEE International Conference on},
title={GXQuery: A GML spatial data query language},
year={2010},
month={April},
pages={271-275},}

@inproceedings{Alemdros2013,
  author    = {Jesus Almendros-Jimenez and Antonio Becerra-Teron and Francisco Garcia-Garcia},
  title     = {Development of a Query Language for GML based on XPath},
  booktitle = {WWV 2010},
  editor    = {Laura Kovacs and Temur Kutsia},
  series    = {EPiC Series},
  volume    = {18},
  pages     = {51-64},
  year      = {2013},
  publisher = {EasyChair},
  bibsource = {EasyChair, http://www.easychair.org},
  issn      = {2040-557X},
}


@incollection{Alemdros2011,
year={2011},
isbn={978-3-642-21927-6},
booktitle={Computational Science and Its Applications - ICCSA 2011},
volume={6782},
series={Lecture Notes in Computer Science},
editor={Murgante, Beniamino and Gervasi, Osvaldo and Iglesias, Andrés and Taniar, David and Apduhan, BernadyO.},
doi={10.1007/978-3-642-21928-3_13},
title={XPath for Querying GML-Based Representation of Urban Maps},
url={http://dx.doi.org/10.1007/978-3-642-21928-3_13},
publisher={Springer Berlin Heidelberg},
keywords={Query languages; GML; XPath; KML; GIS; SQL},
author={Almendros-Jimenez, Jesus M. and Becerra-Terón, Antonio and García-García, Francisco},
pages={177-191}
}

@incollection{Gutierrez2004,
year={2004},
isbn={978-3-540-23722-8},
booktitle={Conceptual Modeling for Advanced Application Domains},
volume={3289},
series={Lecture Notes in Computer Science},
editor={Wang, Shan and Tanaka, Katsumi and Zhou, Shuigeng and Ling, Tok-Wang and Guan, Jihong and Yang, Dong-qing and Grandi, Fabio and Mangina, EleniE. and Song, Il-Yeol and Mayr, HeinrichC.},
doi={10.1007/978-3-540-30466-1_15},
title={Querying Heterogeneous Spatial Databases: Combining an Ontology with Similarity Functions},
url={http://dx.doi.org/10.1007/978-3-540-30466-1_15},
publisher={Springer Berlin Heidelberg},
author={Gutiérrez, Mariella and Rodríguez, Andrea},
pages={160-171}
}

@MISC{corcoles2004,
    author = {J. E. Córcoles and P. González},
    title = {Studying an Approach to Query Spatial XML},
    year = {2004}
}

@inproceedings{jts-presentation,
 author = {Davis, Martin},
 title={Secrets of the {JTS} {T}opology {S}uite},
 booktitle = {Proceedings of the annual Free and 
 Open Source Software for Geospatial ({FOSS4G}) conferencea},
 year = {2007},
 location = {Denver, Colorado, {USA}},
}

@incollection{belussi2006,
year={2006},
isbn={978-3-540-46788-5},
booktitle={Current Trends in Database Technology – EDBT 2006},
volume={4254},
series={Lecture Notes in Computer Science},
editor={Grust, Torsten and Höpfner, Hagen and Illarramendi, Arantza and Jablonski, Stefan and Mesiti, Marco and Müller, Sascha and Patranjan, Paula-Lavinia and Sattler, Kai-Uwe and Spiliopoulou, Myra and Wijsen, Jef},
doi={10.1007/11896548_51},
title={Towards Similarity-Based Topological Query Languages},
url={http://dx.doi.org/10.1007/11896548_51},
publisher={Springer Berlin Heidelberg},
author={Belussi, Alberto and Boucelma, Omar and Catania, Barbara and Lassoued, Yassine and Podestà, Paola},
pages={675-686}
}

@incollection{corcoles2003,
year={2003},
isbn={978-3-540-40522-1},
booktitle={Web Engineering},
volume={2722},
series={Lecture Notes in Computer Science},
editor={Lovelle, JuanManuelCueva and Rodríguez, BernardoMartínGonzález and Gayo, JoseEmilioLabra and Puerto Paule Ruiz, María and Aguilar, LuisJoyanes},
doi={10.1007/3-540-45068-8_75},
title={Integration of Spatial XML Documents with RDF},
url={http://dx.doi.org/10.1007/3-540-45068-8_75},
publisher={Springer Berlin Heidelberg},
author={Córcoles, J.E. and González, P. and Jaquero, V.López},
pages={407-410},
language={English}
}



@book{mongogeneral2010,
 author = {Plugge, Eelco and Hawkins, Tim and Membrey, Peter},
 title = {The Definitive Guide to MongoDB: The NoSQL Database for Cloud and Desktop Computing},
 year = {2010},
 isbn = {1430230517, 9781430230519},
 edition = {1st},
 publisher = {Apress},
 address = {Berkely, CA, USA},
} 

@book{mongoinaction2011,
 author = {Banker, Kyle},
 title = {MongoDB in Action},
 year = {2011},
 isbn = {1935182870, 9781935182870},
 publisher = {Manning Publications Co.},
 address = {Greenwich, CT, USA},
}

@article{bently1975,
 author = {Bentley, Jon Louis},
 title = {Multidimensional Binary Search Trees Used for Associative Searching},
 journal = {Commun. ACM},
 issue_date = {Sept. 1975},
 volume = {18},
 number = {9},
 month = sep,
 year = {1975},
 issn = {0001-0782},
 pages = {509--517},
 numpages = {9},
 url = {http://doi.acm.org/10.1145/361002.361007},
 doi = {10.1145/361002.361007},
 acmid = {361007},
 publisher = {ACM},
 address = {New York, NY, USA},
 keywords = {associative retrieval, attribute, binary search trees, binary tree insertion, information retrieval system, intersection queries, key, nearest neighbor queries, partial match queries},
} 

@MISC{survey,
    author = {Beng Chin and Ooi Ron Sacks-davis and Jiawei Han},
    title = {Indexing in Spatial Databases},
    year = {1993}
} 

@MISC{expath,
author = {Rusforth, Peter},
title = {Geo Module: A {G}eospatial {API}},
month = sep,
year = {2010},
howpublished={\url{http://expath.org/spec/geo}}
}

@inproceedings{xquery,
 author = {Chamberlin, Don},
 title = {XQuery: A Query Language for XML},
 booktitle = {Proceedings of the 2003 ACM SIGMOD International Conference on Management of Data},
 series = {SIGMOD '03},
 year = {2003},
 isbn = {1-58113-634-X},
 location = {San Diego, California},
 pages = {682--682},
 numpages = {1},
 url = {http://doi.acm.org/10.1145/872757.872877},
 doi = {10.1145/872757.872877},
 acmid = {872877},
 publisher = {ACM},
 address = {New York, NY, USA},
} 

@incollection{jts,
  added-at = {2011-11-25T00:00:00.000+0100},
  biburl = {http://www.bibsonomy.org/bibtex/257267a6438d9ded4095d66299695e229/dblp},
  booktitle = {Encyclopedia of GIS},
  editor = {Shekhar, Shashi and Xiong, Hui},
  isbn = {978-0-387-30858-6},
  keywords = {dblp},
  pages = 601,
  publisher = {Springer},
  timestamp = {2011-11-25T00:00:00.000+0100},
  title = {Java Topology Suite (JTS).},
  url = {http://dblp.uni-trier.de/db/reference/gis/gis2008.html#X08tk},
  year = 2008
}

@book{simpleFeature,
  author = {Inc., Open Geospatial Consortium},
  edition = {1.2.1},
  editor = {Herring, John R.},
  keywords = {OpenGIS feature ogc simplefeature},
  title = {OpenGIS Implementation Standard for Geographic
information - Simple feature access},
  year = 2011
}

@INBOOK{gml},
	booktitle = "Encyclopedia of Geographic Information Science",
	title = "Geography Markup Language (GML)",
	editor = "Karen K. Kemp",
	author = "Simon Cox",
	publisher = "SAGE Publications, Inc.",
	edition = "0",
	year = "2008",
	pages = "195-196",
	doi = "http://dx.doi.org/10.4135/9781412953962",
	url = "http://dx.doi.org/10.4135/9781412953962",
	}
	
@misc{kml,
    author = {{Open Geospatial Consortium}},
    citeulike-article-id = {8754324},
    howpublished = {http://www.opengeospatial.org/standards/kml},
    keywords = {pervasive, trackme},
    posted-at = {2011-02-03 06:47:32},
    priority = {2},
    title = {{OGC KML Standard - Version 2.2}}
}









% Miscellaneous (web sites)
@misc{coordsys,
  author = {Peter Schiess},
  title = {{Projections and Coordinate Systems}},
  month = "September",
  year = {2010},
  howpublished = {http://courses.washington.edu/gis250/lessons/projection}
}

@misc{coordsys-mongo,
  author = {Tobias Trelle},
  title = {{Spring Data - Part 4:Geopatial Queries with MongoDB}},
  month = "February",
  year = {2012},
  howpublished = {https://blog,condecentric.de/en/2012/02/spring-data-mongodb-geospatial-queries}
}

@misc{www/basex,
  author = {Christian Gr{\"u}n},
  title = {{BaseX -- The XML Database for Processing, Querying and Visualizing large XML data}},
  month = "October",
  year = {2010},
  howpublished = {http://basex.org}
}

@misc{www/xml,
  author = {Tim Bray and Jean Paoli and C. M. Sperberg-McQueen and Eve Maler and others},
  title = {{Extensible Markup Language (XML) 1.0 (Fifth Edition)}},
  month = "November",
  year = {2008},
  howpublished = {http://www.w3.org/TR/xml}
}

@misc{www/geojson,
  author = {Howard Butler and Martin Daly and Allan Doyle and Sean Gillies and Tim Schaub and Christopher Schmidt},
  title = {{The GeoJSON Format Specification}},
  month = "June",
  year = {2008},
  howpublished = {http://geojson.org/geojson-spec.html}
}

@misc{www/xqueryupdate,
  author = {Don Chamberlin and Michael Dyck and Daniela Florescu and Jim Melton and Jonathan Robie and J{\'e}r{\^o}me Sim{\'e}on},
  title = {{XQuery Update Facility}},
  month = "June",
  year = {2009},
  howpublished = {http://www.w3.org/TR/xqupdate}
}

@misc{www/xpath,
  author = {James Clark and Steven J. DeRose},
  title = {{XML Path Language (XPath) Version 1.0. W3C Recommendation}},
  month = "November",
  year = {1999},
  howpublished = {http://www.w3.org/TR/xpath}
}

@misc{www/xpath20,
  author = {James Clark and Steven J. DeRose},
  title = {{XML Path Language (XPath) Version 2.0. W3C Recommendation}},
  month = "January",
  year = {2007},
  howpublished = {http://www.w3.org/TR/xpath20}
}

@misc{www/xdm,
  author = {Mary Fern{\'a}ndez and Ashok Malhotra and Jonathan Marsh and Marton Nagy and Norman Walsh},
  title = {{XQuery 1.0 and XPath 2.0 Data Model}},
  month = "January",
  year = {2007},
  howpublished = {http://www.w3.org/TR/xpath-datamodel},
}

@misc{www/dom,
  author = {Vidur Apparao and Steve Byrne and Mike Champion and Scott Isaacs and Ian Jacobs and Arnaud Le Hors and Gavin Nicol and Jonathan Robie and Robert Sutor and Chris Wilson and Lauren Wood},
  title = {{Document Object Model Level 1}},
  month = "October",
  year = {1999},
  howpublished = {http://www.w3.org/DOM},
}

@misc{www/sax,
  author = {David Megginson and David Brownell},
  title = {{SAX -- Simple API for XML}},
  year = {2004},
  howpublished = {http://www.saxproject.org}
}

@misc{www/xquery,
  author = {Scott Boag and Don Chamberlin and Mary F. Fern{\'a}ndez and Daniela Florescu and Jonathan Robie and J\'er\^ome Sim\'eon},
  title = {{XQuery 1.0: An XML Query Language. W3C Recommendation}},
  month = "January",
  year = {2007},
  howpublished = {http://www.w3.org/TR/xquery}
}

@misc{www/xqueryfun,
  author = {Ashok Malhotra and Jim Melton and Norman Walsh},
  title = {{XQuery 1.0 and XPath 2.0 Functions and Operators}},
  month = "January",
  year = {2007},
  howpublished = {http://www.w3.org/TR/xpath-functions}
}

@misc{www/xqueryser,
  author = {Scott Boag and Michael Kay and Joanne Tong and Norman Walsh and Henry Zongaro},
  title = {{XSLT 2.0 and XQuery 1.0 Serialization}},
  month = "January",
  year = {2007},
  howpublished = {http://www.w3.org/TR/xslt-xquery-serialization}
}

@misc{www/xqueryfs,
    title={{XQuery 1.0 and XPath 2.0 Formal Semantics}},
    author={Denise Draper and Peter Fankhauser and Mary F. Fern{\'a}ndez and Ashok Malhotra and Kristoffer Rose and Michael Rys and J{\'e}r{\^o}me Sim{\'e}on and Philip Wadler},
  month = "January",
    year={2007},
    howpublished = {http://www.w3.org/TR/xquery-semantics}
}

@misc{www/xqft,
  author = {Sihem Amer-Yahia and Chavdar Botev and Stephen Buxton and Pat Case and Jochen Doerre and others},
  title = {{XQuery and XPath Full Text 1.0. W3C Candidate Recommendation}},
  month = "July",
  year = {2009},
  howpublished = {http://www.w3.org/TR/xpath-full-text-10}
}

@misc{www/XUpdate,
  author = {Andreas Laux and Lars Martin},
  title = {{XUpdate -- XML Update Language Working Draft}},
  year = {2003},
  howpublished = {http://xmldb-org.sourceforge.net/xupdate/xupdate-wd.html}
}

@misc{www/xqsx,
  author = {Don Chamberlin and Daniel Engovatov and Dana Florescu and Giorgio Ghelli and Jim Melton and J{\'e}r{\^o}me Sim{\'e}on and John Snelson},
  title = {{XQuery Scripting Extension 1.0}},
  month = "April",
  year = {2008},
  howpublished = {http://www.w3.org/TR/xquery-sx-10}
}

@misc{www/XSLT,
  author = {James Clark},
  title = {{XSL Transformations (XSLT) Version 1.0}},
  month = "November",
  year = {1999},
  howpublished = {http://www.w3.org/\linebreak[0]TR/xslt},
}

@misc{www/xql,
  author = {Gerald Huck and Ingo Macherius},
  title = {{GMD-IPSI XQL Engine}},
  year = {1999},
  howpublished = {http://xml.\linebreak[0]darmstadt.\linebreak[0]gmd.de/xql},
}

@misc{www/ns,
  author = {Tim Bray and Dave Hollander and Andrew Layman and Richard Tobin},
  title = {{Namespaces in XML 1.0 (Third Edition)}},
  month = "December",
  year = {2009},
  howpublished = {http://www.w3.org/TR/xml-names},
}

@misc{www/ogdl,
  author = {Rolf Veen},
  title = {{OGDL -- Ordered Graph Data Language}},
  year = {2009},
  howpublished = {http://www.ogdl.org},
}

@misc{www/tagsoup,
  author = {John Cowan},
  title = {{TagSoup}},
  year = {2008},
  howpublished = {http://ccil.org/{\textasciitilde}cowan/XML/tagsoup},
}

@misc{draft/andrei09,
  author = {Cezar Andrei and Matthias Brantner and Daniela Florescu and David Graf and Donald Kossmann and Markos Zacharioudakis},
  title = {{Extending XQuery with Collections, Indexes, and Integrity Constraints, Working Draft, 2009}},
  comment = {Working Draft},
  year = {2009},
  howpublished = {http://www.flworfound.org/pubs/xqddf.pdf},
}

@misc{www/Tokenizer,
  author = {Scott Boag},
  title = {{Building a Tokenizer for XPath or XQuery}},
  year = {2005},
  month = "April",
  comment = {Working Draft},
  howpublished = {http://www.w3.org/\linebreak[0]TR/xquery-xpath-parsing},
}

@misc{thesis/kircher10,
  author = {Lukas Kircher},
  title = {{Extending a native XML database with XQuery Update}},
  year = {2010},
  month = {October},
  howpublished = {Bachelor's Thesis, University of Konstanz, Germany},
}

@misc{thesis/hauser09,
  author = {J{\"o}rg Hauser},
  title = {{Entwicklung effizienter Treemap-Visualisierungen im XML-Kontext}},
  year = {2009},
  month = {November},
  howpublished = {Bachelor's Thesis, University of Konstanz, Germany},
}











@mastersthesis {thesis/gath09,
  author = {Sebastian Gath},
  title = {{Verarbeitung und Visualisierung von XML-Full-Text Daten}},
  comment = {Master Thesis},
  school = {University of Konstanz, Germany},
  year = {2009},
  month = {May},
}

@mastersthesis {thesis/weiler10,
  author = {Andreas Weiler},
  title = {{Client-/Server-Architektur in XML Datenbanken}},
  comment = {Master Thesis},
  school = {University of Konstanz, Germany},
  year = {2010},
  month = {September},
}

@mastersthesis {thesis/rode03,
  author = {Henning Rode},
  title = {{Methods and Cost Models for XPath Query Processing in Main Memory Databases}},
  comment = {Master Thesis},
  school = {University of Konstanz, Germany},
  year = {2003},
  month = {October},
}



% books

@book{books/aw/Knuth68,
  author = {Donald E. Knuth},
  title = {{The Art of Computer Programming, Volume I: Fundamental Algorithms}},
  publisher = {Addison-Wesley},
  year = {1968},
}

@book{books/aw/Knuth73,
  author = {Donald E. Knuth},
  title = {{The Art of Computer Programming, Volume III: Sorting and Searching}},
  publisher = {Addison-Wesley},
  year = {1973},
}

@book{books/ecma376,
  author = {ECMA},
  title = {{ECMA-376: Office Open XML File Formats}},
  publisher = {ECMA (European Association for Standardizing Information and Communication Systems)},
  year = {2006},
}

@book{books/mab2,
  author = {Die Deutsche Bibliothek},
  title = {{MAB2: Maschinelles Austauschformat f{\"u}r Bibliotheken}},
  edition = {Second},
  publisher = {Die Deutsche Bibliothek},
  address = {Leipzig/Frankfurt am Main},
  year = {1999},
},

@book{books/mk/WittenMB99,
  author = {Ian H. Witten and Alistair Moffat and Timothy C. Bell},
  title = {{Managing Gigabytes: Compressing and Indexing Documents and Images, Second Edition}},
  publisher = {Morgan Kaufmann},
  year = {1999},
  isbn = {1-55860-570-3},
}

@Book{books/xslt,
  author = {Michael Kay},
  title = {{XSLT 2.0. Programmer's Reference}},
  publisher = {Wiley Publishing},
  year = {2004}
}

@Book{books/lewin,
  author = {Kurt Lewin},
  title = {{Field theory in social science: Selected theoretical papers}},
  publisher = {Harper},
  year = {1951}
}










% articles and papers
@article{journals/tkde/GouC07,
  author = {Gang Gou and Rada Chirkova},
  title = {{Efficiently Querying Large XML Data Repositories: A Survey}},
  journal = {IEEE Trans. Knowl. Data Eng.},
  volume = {19},
  number = {10},
  year = {2007},
  pages = {1381-1403},
}

@article{journals/spe/WestermannK06,
  author = {Utz Westermann and Wolfgang Klas},
  title = {{PTDOM: a Schema-Aware XML Database System for MPEG-7 Media Descriptions}},
  journal = {Softw., Pract. Exper.},
  volume = {36},
  number = {8},
  year = {2006},
  pages = {785-834},
}

@article{journals/vldb/FiebigHKMNSW02,
  author = {Thorsten Fiebig and Sven Helmer and Carl-Christian Kanne and Guido Moerkotte and Julia Neumann and Robert Schiele and Till Westmann},
  title = {{Anatomy of a native XML base management system}},
  journal = {VLDB J.},
  volume = {11},
  number = {4},
  year = {2002},
  pages = {292-314},
}

@article{journals/internet/Weir09,
  author = {Rob Weir},
  title = {{OpenDocument Format: The Standard for Office Documents}},
  journal = {IEEE Internet Computing},
  volume = {13},
  number = {2},
  year = {2009},
  pages = {83-87},
}

@article{journals/debu/Kay08,
  author = {Michael Kay},
  title = {{Ten Reasons Why Saxon XQuery is Fast}},
  journal = {IEEE Data Eng. Bull.},
  volume = {31},
  number = {4},
  year = {2008},
  pages = {65-74},
}

@article{journals/sri/Wikramanayake09,
	author = {G. N. Wikramanayake and J. S. Goonetillake},
	title = {{Managing Very Large Databases and Data Warehousing}},
  journal = {Sri Lankan Journal on Librarianship and Information Management},
  volume = {2},
  number = {1},
	year = {2009},
	pages = {22-29}
}

@article{journals/jodl/AbiteboulQMWW97,
  author = {Serge Abiteboul and Dallan Quass and Jason McHugh and Jennifer Widom and Janet L. Wiener},
  title = {{The Lorel Query Language for Semistructured Data}},
  journal = {Int. J. on Digital Libraries},
  volume = {1},
  number = {1},
  year = {1997},
  pages = {68-88}
}

@article{journals/cn/DeutschFFLS99,
  author = {Alin Deutsch and Mary F. Fern{\'a}ndez and
               Daniela Florescu and Alon Y. Levy and Dan Suciu},
  title = {{A Query Language for XML}},
  journal = {Computer Networks},
  volume = {31},
  number = {11-16},
  year = {1999},
  pages = {1155-1169}
}

@article{journals/sigmod/McHughAGQW97,
  author = {Jason McHugh and Serge Abiteboul and Roy Goldman and Dallan Quass and Jennifer Widom},
  title = {{Lore: A Database Management System for Semistructured Data}},
  journal = {SIGMOD Record},
  volume = {26},
  number = {3},
  year = {1997},
  pages = {54-66},
}

@article{journals/debu/FlorescuK99,
  author = {Daniela Florescu and Donald Kossmann},
  title = {{Storing and Querying XML Data using an RDMBS}},
  journal = {IEEE Data Eng. Bull.},
  volume = {22},
  number = {3},
  year = {1999},
  pages = {27-34},
}

@article{journals/tog/Shneiderman92,
  author = {Ben Shneiderman},
  title = {{Tree Visualization with Tree-Maps: 2-d Space-Filling Approach}},
  journal = {ACM Trans. Graph.},
  volume = {11},
  number = {1},
  year = {1992},
  pages = {92-99},
}

@article{journals/dke/HarderHMW07,
  author = {Theo H{\"a}rder and Michael Peter Haustein and Christian Mathis and Markus Wagner},
  title = {{Node labeling schemes for dynamic XML documents reconsidered}},
  journal = {Data Knowl. Eng.},
  volume = {60},
  number = {1},
  year = {2007},
  pages = {126-149},
}

@article{journals/iete/SuCheng09,
  author = {Haw Su-Cheng and Lee Chien-Sing},
  title = {{Node Labeling Schemes in XML Query Optimization: A Survey and Trends}},
  journal = {IETE Technical Review},
  volume = {26},
  number = {2},
  year = {2009},
  pages = {88-100},
}

@article{journals/acta/BayerM72,
  author = {Rudolf Bayer and Edward M. McCreight},
  title = {{Organization and Maintenance of Large Ordered Indices}},
  journal = {Acta Inf.},
  volume = {1},
  year = {1972},
  pages = {173-189},
}

@article{journals/pvldb/HolupirekS08,
  author = {Alexander Holupirek and Marc H. Scholl},
  title = {{Implementing filesystems by tree-aware DBMSs}},
  journal = {PVLDB},
  volume = {1},
  number = {2},
  year = {2008},
  pages = {1623-1630},
}

@article{journals/tkde/BertinoK89,
  author = {Elisa Bertino and Won Kim},
  title = {{Indexing Techniques for Queries on Nested Objects}},
  journal = {IEEE Trans. Knowl. Data Eng.},
  volume = {1},
  number = {2},
  year = {1989},
  pages = {196-214},
}

@article{journals/internet/CataniaMV05,
  author = {Barbara Catania and Anna Maddalena and Athena Vakali},
  title = {{XML Document Indexes: A Classification}},
  journal = {IEEE Internet Computing},
  volume = {9},
  number = {5},
  year = {2005},
  pages = {64-71},
}

@article{journals/vldb/JagadishACLNPPSWWY02,
  author = {H. V. Jagadish and Shurug Al-Khalifa and Adriane Chapman and Laks V. S. Lakshmanan and Andrew Nierman and Stelios Paparizos and Jignesh M. Patel and Divesh Srivastava and Nuwee Wiwatwattana and Yuqing Wu and Cong Yu},
  title = {{TIMBER: A native XML database}},
  journal = {VLDB J.},
  volume = {11},
  number = {4},
  year = {2002},
  pages = {274-291},
}

@article{journals/Levenshstein66,
    author = {Vladimir I. Levenshtein},
    title = {{Binary codes capable of correcting deletions, insertions, and reversals}},
    journal = {Soviet Physics Doklady},
    volume = {10},
    year = {1966},
    pages = {707-710}
}

@article{journals/iandc/Ukkonen85,
  author = {Esko Ukkonen},
  title = {{Algorithms for Approximate String Matching}},
  journal = {Information and Control},
  volume = {64},
  number = {1-3},
  year = {1985},
  pages = {100-118},
}

@article{journals/cacm/Damerau64,
  author = {Fred Damerau},
  title = {{A technique for computer detection and correction of spelling errors}},
  journal = {Commun. ACM},
  volume = {7},
  number = {3},
  year = {1964},
  pages = {171-176},
}

@article{journals/jacm/Morrison68,
  author = {Donald R. Morrison},
  title = {{PATRICIA - Practical Algorithm To Retrieve Information Coded in Alphanumeric}},
  journal = {J. ACM},
  volume = {15},
  number = {4},
  year = {1968},
  pages = {514-534},
}

@article{journals/Fredkin1960,
  author = {Edward Fredkin},
  title = {{Trie Memory}},
  journal = {j-CACM},
  volume = {3},
  number = {9},
  pages = {490-499},
  year = {1960}
}

@article{journals/spe/AoeMS92,
  author = {Jun-Ichi Aoe and Katsushi Morimoto and Takashi Sato},
  title = {{An Efficient Implementation of Trie Structures}},
  journal = {Softw., Pract. Exper.},
  volume = {22},
  number = {9},
  year = {1992},
  pages = {695-721},
}

@article{journals/Wirth77,
  author = {Niklaus Wirth},
  title = {{What Can We Do about the Unnecessary Diversity of Notation for Syntactic Definitions}},
  journal = {CACM},
  year = {1977},
  volume = {20},
  number = {11},
  pages = {822-823}
}

@article{journals/csur/Ioannidis96,
  author = {Yannis E. Ioannidis},
  title = {{Query Optimization}},
  journal = {ACM Comput. Surv.},
  volume = {28},
  number = {1},
  year = {1996},
  pages = {121-123},
}

@article{journals/vldb/FlorescuHKLRWCS04,
  author = {Daniela Florescu and Chris Hillery and Donald Kossmann and Paul Lucas and Fabio Riccardi and Till Westmann and Michael J. Carey and Arvind Sundararajan},
  title = {{The BEA streaming XQuery processor}},
  journal = {VLDB J.},
  volume = {13},
  number = {3},
  year = {2004},
  pages = {294-315},
  ee = {http://dx.doi.org/10.1007/s00778-004-0137-1},
}

@article{journals/csur/Graefe93,
  author = {Goetz Graefe},
  title = {{Query Evaluation Techniques for Large Databases}},
  journal = {ACM Comput. Surv.},
  volume = {25},
  number = {2},
  year = {1993},
  pages = {73-170},
}

@article{journals/tods/FreytagG89,
  author = {Johann Christoph Freytag and Nathan Goodman},
  title = {{On the Translation of Relational Queries into Iterative Programs}},
  journal = {ACM Trans. Database Syst.},
  volume = {14},
  number = {1},
  year = {1989},
  pages = {1-27},
}

@article{journals/eatcs/HiddersMV05,
  author = {Jan Hidders and Philippe Michiels and Roel Vercammen},
  title = {{Optimizing Sorting and Duplicate Elimination in XQuery Path Expressions}},
  journal = {Bulletin of the EATCS},
  volume = {86},
  year = {2005},
  pages = {199-223},
}

@article{journals/spe/BentleyM93,
  author = {Jon Louis Bentley and M. Douglas McIlroy},
  title = {{Engineering a Sort Function}},
  journal = {Softw., Pract. Exper.},
  volume = {23},
  number = {11},
  year = {1993},
  pages = {1249-1265},
}











% technical reports
@techreport{tech/1998/Goldman,
  author = {Roy Goldman and Sudarshan Chawathe and Arturo Crespo and Jason McHugh},
  title = {{A Standard Textual Interchange Format for the Object Exchange Model (OEM)}},
  institution = {Stanford University},
  year = {1998},
  type = {{Technical Report}},
  number = {CS-TN-98-64},
  address = {Stanford, CA},
}

@techreport{tech/1998/McHugh98,
  author = {Jason McHugh and Jennifer Widom and Serge Abiteboul and Qingshan Luo and Anand Rajaraman},
  title = {{Indexing semistructured data}},
  institution = {Stanford University},
  year = {1998},
  type = {{Technical Report}},
  address = {Stanford, CA},
}

@techreport{tech/2004/Grust04,
  author = {Torsten Grust and Roel Vercammen and Maurice Van Keulen},
  title = {{Supporting Positional Predicates in Efficient XPath Axis Evaluation for DOM Data Structures}},
  institution = {University of Antwerp},
  year = {2004},
  number = {TR 2004-05},
  type = {{Technical Report}},
}







% papers
@inproceedings{conf/pods/CohenKM02,
  author = {Edith Cohen and Haim Kaplan and Tova Milo},
  title = {{Labeling Dynamic XML Trees}},
  booktitle = {PODS},
  year = {2002},
  pages = {271-281},
  crossref = {conf/pods/2002},
}

@inproceedings{conf/xsym/GrunGHS09,
  author = {Christian Gr{\"u}n and Sebastian Gath and Alexander Holupirek and Marc H. Scholl},
  title = {{XQuery Full Text Implementation in BaseX}},
  booktitle = {XSym},
  year = {2009},
  pages = {114-128},
  crossref = {conf/xsym/2009},
}

@inproceedings{conf/gvd/Grun06,
  author = {Christian Gr{\"u}n},
  title = {{Pushing XML Main Memory Databases to their Limits}},
  booktitle = {Grundlagen von Datenbanken},
  year = {2006},
  pages = {60-64},
  crossref = {conf/gvd/2006},
}

@inproceedings{conf/expdb/GrunHKSW06,
  author = {Christian Gr{\"u}n and Alexander Holupirek and Marc Kramis and Marc H. Scholl and Marcel Waldvogel},
  title = {{Pushing XPath Accelerator to its Limits}},
  booktitle = {ExpDB},
  year = {2006},
  crossref = {conf/expdb/2006},
}

@inproceedings{conf/icde/PapakonstantinouGW95,
  author = {Yannis Papakonstantinou and Hector Garcia-Molina and Jennifer Widom},
  title = {{Object Exchange Across Heterogeneous Information Sources}},
  booktitle = {ICDE},
  year = {1995},
  pages = {251-260},
  crossref = {conf/icde/95},
}

@inproceedings{conf/chi/LampingRP95,
  author = {John Lamping and Ramana Rao and Peter Pirolli},
  title = {{A Focus+Context Technique Based on Hyperbolic Geometry for Visualizing Large Hierarchies}},
  booktitle = {CHI},
  year = {1995},
  pages = {401-408},
}

@inproceedings{zwol99,
    author = {Roelof van Zwol and Peter M. G. Apers and Annita N. Wilschut},
    title = {{Modelling and Querying Semistructured Data with MOA}},
    booktitle = {In proceedings of Workshop on Query Processing for Semistructured Data and Non-standard Data Formats},
    year = {1999}
}

@inproceedings{conf/icde/KanneM00,
  author = {Carl-Christian Kanne and Guido Moerkotte},
  title = {{Efficient Storage of XML Data}},
  booktitle = {ICDE},
  year = {2000},
  pages = {198-218},
  crossref = {conf/icde/2000},
}

@inproceedings{conf/planx/Sur04,
  author = {Gargi M. Sur and Joachim Hammer and J{\'e}r{\^o}me Sim{\'e}on},
  title = {{An XQuery-Based Language for Processing Updates in XML}},
  booktitle = {PLAN-X},
  year = {2004},
  crossref = {conf/planX/2004},
}

@inproceedings{conf/sigmod/TatarinovIHW01,
  author = {Igor Tatarinov and Zachary G. Ives and Alon Y. Halevy and Daniel S. Weld},
  title = {{Updating XML}},
  booktitle = {SIGMOD Conference},
  year = {2001},
  pages = {413-424},
}

@inproceedings{conf/sigmod/TatarinovVBSSZ02,
  author = {Igor Tatarinov and Stratis Viglas and Kevin S. Beyer and Jayavel Shanmugasundaram and Eugene J. Shekita and Chun Zhang},
  title = {{Storing and Querying Ordered XML Using a Relational Database System}},
  booktitle = {SIGMOD Conference},
  year = {2002},
  pages = {204-215},
  crossref = {conf/sigmod/2002},
}

@inproceedings{conf/sigmod/ONeilOPCSW04,
  author = {Patrick E. O'Neil and Elizabeth J. O'Neil and Shankar Pal and  Istvan Cseri and Gideon Schaller and Nigel Westbury},
  title = {{ORDPATHs: Insert-Friendly XML Node Labels}},
  booktitle = {SIGMOD Conference},
  year = {2004},
  pages = {903-908},
  crossref = {conf/sigmod/2004},
}

@inproceedings{conf/icdt/Abiteboul97,
  author = {Serge Abiteboul},
  title = {{Querying Semi-Structured Data}},
  booktitle = {ICDT},
  year = {1997},
  pages = {1-18},
  crossref = {conf/icdt/97}
}

@inproceedings{conf/pods/Buneman97,
  author = {Peter Buneman},
  title = {{Semistructured Data}},
  booktitle = {PODS},
  year = {1997},
  pages = {117-121},
  crossref = {conf/pods/97}
}

@inproceedings{conf/webdb/ChamberlinRF00a,
  author = {Donald D. Chamberlin and Jonathan Robie and Daniela Florescu},
  title = {{Quilt: An XML Query Language for Heterogeneous Data Sources}},
  booktitle = {WebDB (Selected Papers)},
  year = {2000},
  pages = {1-25},
  crossref = {conf/webdb/2000},
}

@inproceedings{conf/sigmod/BotevSA04,
  author = {Chavdar Botev and Jayavel Shanmugasundaram and Sihem Amer-Yahia},
  title = {{A TeXQuery-Based XML Full-Text Search Engine}},
  booktitle = {SIGMOD Conference},
  year = {2004},
  pages = {943-944},
  crossref = {conf/sigmod/2004}
}

@inproceedings{conf/sigmod/GuoSBS03,
  author = {Lin Guo and Feng Shao and Chavdar Botev and Jayavel Shanmugasundaram},
  title = {{XRANK: Ranked Keyword Search over XML Documents}},
  booktitle = {SIGMOD Conference},
  year = {2003},
  pages = {16-27},
  crossref = {conf/sigmod/2003}
}

@inproceedings{conf/inex/TrotmanS04,
  author = {Andrew Trotman and B{\"o}rkur Sigurbj{\"o}rnsson},
  title = {{Narrowed Extended XPath I (NEXI)}},
  booktitle = {INEX},
  year = {2004},
  pages = {16-40},
  crossref = {conf/inex/2004}
}

@inproceedings{conf/wecwis/BourretBB00,
  author = {Ron Bourret and Christof Bornh{\"o}vd and Alejandro P. Buchmann},
  title = {{A Generic Load/Extract Utility for Data Transfer between XML Documents and Relational Databases}},
  booktitle = {WECWIS},
  year = {2000},
  pages = {134-143}
}

@inproceedings{conf/tdm/GrustT04,
  author = {Torsten Grust and Jens Teubner},
  title = {{Relational Algebra: Mother Tongue -- XQuery: Fluent}},
  booktitle = {TDM},
  year = {2004},
  pages = {9-16},
  crossref = {conf/tdm/2004},
}

@inproceedings{conf/vldb/GrustKT03,
  author = {Torsten Grust and Maurice van Keulen and Jens Teubner},
  title = {{Staircase Join: Teach a Relational DBMS to Watch its (Axis) Steps}},
  booktitle = {VLDB},
  year = {2003},
  pages = {524-525},
  crossref = {conf/vldb/2003},
}

@inproceedings{conf/vldb/LiM01,
  author = {Quanzhong Li and Bongki Moon},
  title = {{Indexing and Querying XML Data for Regular Path Expressions}},
  booktitle = {VLDB},
  year = {2001},
  pages = {361-370},
  crossref = {conf/vldb/2001},
}

@inproceedings{conf/sigmod/TheobaldW02,
  author = {Anja Theobald and Gerhard Weikum},
  title = {{The XXL search engine: Ranked Retrieval of XML data using Indexes and Ontologies}},
  booktitle = {SIGMOD Conference},
  year = {2002},
  pages = {615},
  crossref = {conf/sigmod/2002}
}

@inproceedings{conf/sigmod/Grust02,
  author = {Torsten Grust},
  title = {{Accelerating XPath location steps}},
  booktitle = {SIGMOD Conference},
  year = {2002},
  pages = {109-120},
  crossref = {conf/sigmod/2002},
}

@inproceedings{conf/xsym/KrishnamurthyKN03,
  author = {Rajasekar Krishnamurthy and Raghav Kaushik and Jeffrey F. Naughton},
  title = {{XML-SQL Query Translation Literature: The State of the Art and Open Problems}},
  booktitle = {{XSym}},
  year = {2003},
  pages = {1-18},
  crossref = {conf/xsym/2003},
}

@inproceedings{conf/vldb/GoldmanW97,
  author = {Roy Goldman and Jennifer Widom},
  title = {{DataGuides: Enabling Query Formulation and Optimization in Semistructured Databases}},
  booktitle = {VLDB},
  year = {1997},
  pages = {436-445},
  crossref = {conf/vldb/97},
}

@inproceedings{conf/sigmod/DeutschFS99,
  author = {Alin Deutsch and Mary F. Fern{\'a}ndez and Dan Suciu},
  title = {{Storing Semistructured Data with STORED}},
  booktitle = {SIGMOD Conference},
  year = {1999},
  pages = {431-442},
  crossref = {conf/sigmod/99},
}

@inproceedings{conf/stoc/Dietz82,
  author = {Paul F. Dietz},
  title = {{Maintaining Order in a Linked List}},
  booktitle = {STOC},
  year = {1982},
  pages = {122-127},
  crossref = {conf/stoc/STOC14},
}

@inproceedings{conf/ideal/EdwardsH00,
  author = {Richard Edwards and Sian Hope},
  title = {{Persistent DOM: An Architecture for XML Repositories in Relational Databases}},
  booktitle = {IDEAL},
  year = {2000},
  pages = {416-421},
  crossref = {conf/ideal/2000},
}

@inproceedings{conf/ximep/BonczMR05,
  author = {Peter A. Boncz and Stefan Manegold and Jan Rittinger},
  title = {{Updating the Pre/Post Plane in MonetDB/XQuery}},
  booktitle = {XIME-P},
  year = {2005},
  crossref = {conf/ximep/2005},
}

@inproceedings{conf/vldb/ShanmugasundaramGTZDN99,
  author = {Jayavel Shanmugasundaram and Kristin Tufte and Chun Zhang and Gang He and David J. DeWitt and Jeffrey F. Naughton},
  title = {{Relational Databases for Querying XML Documents: Limitations and Opportunities}},
  booktitle = {VLDB},
  year = {1999},
  pages = {302-314},
  crossref = {conf/vldb/99},
}

@inproceedings{conf/icdim/AlkhatibS08,
  author = {Ramez Alkhatib and Marc H. Scholl},
  title = {{CXQU: A compact XML storage for efficient query and update processing}},
  booktitle = {ICDIM},
  year = {2008},
  pages = {605-612},
  crossref = {conf/icdim/2008},
}

@inproceedings{conf/bncod/AlkhatibS09,
  author = {Ramez Alkhatib and Marc H. Scholl},
  title = {{Compacting XML Structures Using a Dynamic Labeling Scheme}},
  booktitle = {BNCOD},
  year = {2009},
  pages = {158-170},
  crossref = {conf/bncod/2009},
}

@inproceedings{conf/xml/Crockford06,
  author = {Douglas Crockford},
  title = {{JSON: The Fat-Free Alternative to XML}},
  booktitle = {XML},
  year = {2006},
  crossref = {conf/xml/2006},
}

@inproceedings{conf/edbt/HolupirekGS09,
  author = {Alexander Holupirek and Christian Gr{\"u}n and Marc H. Scholl},
  title = {{BaseX \& DeepFS -- Joint Storage for Filesystem and Database}},
  booktitle = {EDBT},
  year = {2009},
  pages = {1108-1111},
  crossref = {conf/edbt/2009},
}

@inproceedings{conf/ercimdl/GrunGJKR05,
  author = {Christian Gr{\"u}n and Jens Gerken and Hans-Christian Jetter and Werner A. K{\"o}nig and Harald Reiterer},
  title = {{MedioVis -- A User-Centred Library Metadata Browser}},
  booktitle = {ECDL},
  year = {2005},
  pages = {174-185},
  crossref = {conf/ercimdl/2005},
}

@inproceedings{conf/avi/HeiligDKGRJR08,
  author = {Mathias Heilig and Mischa Demarmels and Werner A. K{\"o}nig and Jens Gerken and Sebastian Rexhausen and Hans-Christian Jetter and Harald Reiterer},
  title = {{MedioVis: Visual Information Seeking in Digital Libraries}},
  booktitle = {AVI},
  year = {2008},
  pages = {490-491},
  crossref = {conf/avi/2008},
}

@inproceedings{conf/btw/GrunHS07,
  author = {Christian Gr{\"u}n and Alexander Holupirek and Marc H. Scholl},
  title = {{Visually Exploring and Querying XML with BaseX}},
  booktitle = {BTW},
  year = {2007},
  pages = {629-632},
  crossref = {conf/btw/2007},
}

@inproceedings{conf/btw/HolupirekGS07,
  author = {Alexander Holupirek and Christian Gr{\"u}n and Marc H. Scholl},
  title = {{Melting Pot XML: Bringing File Systems and Databases One Step Closer}},
  booktitle = {BTW},
  year = {2007},
  pages = {309-323},
  crossref = {conf/btw/2007},
}

@inproceedings{conf/jit/Meier02,
  author = {Wolfgang Meier},
  title = {{eXist: An Open Source Native XML Database}},
  booktitle = {Web, Web-Services, and Database Systems},
  year = {2002},
  pages = {169-183},
  crossref = {conf/jit/2002},
}

@inproceedings{conf/sigmod/ChungMS02,
  author = {Chin-Wan Chung and Jun-Ki Min and Kyuseok Shim},
  title = {{APEX: an adaptive path index for XML data}},
  booktitle = {SIGMOD Conference},
  year = {2002},
  pages = {121-132},
  crossref = {conf/sigmod/2002},
}

@inproceedings{conf/webdb/RizzoloM01,
  author = {Flavio Rizzolo and Alberto O. Mendelzon},
  title = {{Indexing XML Data with ToXin}},
  booktitle = {WebDB},
  year = {2001},
  pages = {49-54},
}

@inproceedings{conf/sigmod/ChamberlinB74,
  author = {Donald D. Chamberlin and Raymond F. Boyce},
  title = {{SEQUEL: A Structured English Query Language}},
  booktitle = {SIGMOD Workshop, Vol. 1},
  year = {1974},
  pages = {249-264},
  crossref = {conf/sigmod/74},
}

@inproceedings{conf/w3c/DeutschFFLS98,
  author = {Alin Deutsch and Mary F. Fern{\'a}ndez and Daniela Florescu and Alon Y. Levy and Dan Suciu},
  title = {{XML-QL}},
  booktitle = {QL},
  year = {1998},
}

@inproceedings{conf/w3c/RobieLS98,
  author = {Jonathan Robie and Joe Lapp and David Schach},
  title = {{XML Query Language (XQL)}},
  booktitle = {QL},
  year = {1998},
}

@inproceedings{conf/www/FokoueRSV05,
  author = {Achille Fokoue and Kristoffer H{\o}gsbro Rose and J{\'e}r{\^o}me Sim{\'e}on and Lionel Villard},
  title = {{Compiling XSLT 2.0 into XQuery 1.0}},
  booktitle = {WWW},
  year = {2005},
  pages = {682-691},
  crossref = {conf/www/2005},
}

@inproceedings{conf/vldb/McHughW99,
  author = {Jason McHugh and Jennifer Widom},
  title = {{Query Optimization for XML}},
  booktitle = {VLDB},
  year = {1999},
  pages = {315-326},
  crossref = {conf/vldb/99},
}

@inproceedings{conf/adbis/GrinevK02,
  author = {Maxim Grinev and Sergei D. Kuznetsov},
  title = {{Towards an Exhaustive Set of Rewriting Rules for XQuery Optimization: BizQuery Experience}},
  booktitle = {ADBIS},
  year = {2002},
  pages = {340-345},
  crossref = {conf/adbis/2002},
}

@inproceedings{conf/adbis/GrinevL04,
 	author = {Maxim Grinev and Dmitry Lizorkin },
 	title = {{XQuery Function Inlining for Optimizing XQuery Queries}},
 	booktitle= {ADBIS},
 	year = {2004},
  crossref = {conf/adbis/2004},
}

@inproceedings{conf/vldb/ParkMC02,
  author = {Chang-Won Park and Jun-Ki Min and Chin-Wan Chung},
  title = {{Structural Function Inlining Technique for Structurally Recursive XML Queries}},
  booktitle = {VLDB},
  year = {2002},
  pages = {83-94},
  ee = {http://www.vldb.org/conf/2002/S04P01.pdf},
  crossref = {conf/vldb/2002},
}

@inproceedings{conf/edbtw/OlteanuMFB02,
  author = {Dan Olteanu and Holger Meuss and Tim Furche and Fran\c{c}ois Bry},
  title = {{XPath: Looking Forward}},
  booktitle = {EDBT Workshops},
  year = {2002},
  pages = {109-127},
  crossref = {conf/edbtw/2002},
}

@inproceedings{conf/inex/GathGHS09,
  author = {Christian Gr{\"u}n and Sebastian Gath and Alexander Holupirek and Marc H. Scholl},
  title = {{INEX Efficiency Track meets XQuery Full Text in BaseX}},
  booktitle = {Pre-Proceedings of the 8th INEX Workshop},
  year = 2009,
  pages = {192-197},
}

@inproceedings{conf/vldb/SchmidtWKCMB02,
  author = {Albrecht Schmidt and Florian Waas and Martin L. Kersten and Michael J. Carey and Ioana Manolescu and Ralph Busse},
  title = {{XMark: A Benchmark for XML Data Management}},
  booktitle = {VLDB},
  year = {2002},
  pages = {974-985},
  crossref = {conf/vldb/2002},
}

@inproceedings{conf/sigmod/GraefeW89,
  author = {Goetz Graefe and Karen Ward},
  title = {{Dynamic Query Evaluation Plans}},
  booktitle = {SIGMOD Conference},
  year = {1989},
  pages = {358-366},
  crossref = {conf/sigmod/89},
}

@inproceedings{conf/sigmod/GrustMRST07,
  author = {Torsten Grust and Manuel Mayr and Jan Rittinger and Sherif Sakr and Jens Teubner},
  title = {{A SQL: 1999 Code Generator for the Pathfinder XQuery Compiler}},
  booktitle = {SIGMOD Conference},
  year = {2007},
  pages = {1162-1164},
  crossref = {conf/sigmod/2007},
}

@inproceedings{conf/ximep/Bothner04,
  author = {Per Bothner},
  title = {{Compiling XQuery to Java Bytecodes}},
  booktitle = {XIME-P},
  year = {2004},
  pages = {31-36},
  crossref = {conf/ximep/2004},
}

@inproceedings{conf/vldb/FlorescuHKLRWCSA03,
  author = {Daniela Florescu and Chris Hillery and Donald Kossmann and Paul Lucas and Fabio Riccardi and Till Westmann and Michael J. Carey and Arvind Sundararajan and Geetika Agrawal},
  title = {{The BEA/XQRL Streaming XQuery Processor}},
  booktitle = {VLDB},
  year = {2003},
  pages = {997-1008},
  crossref = {conf/vldb/2003}
}

@inproceedings{conf/sigplan/Johnsson84,
  author = {Thomas Johnsson},
  title = {{Efficient compilation of lazy evaluation}},
  booktitle = {SIGPLAN Symposium on Compiler Construction},
  year = {1984},
  pages = {58-69},
  crossref = {conf/sigplan/1984},
}

@inproceedings{conf/vldb/BonczGKMRT05,
  author = {Peter A. Boncz and Torsten Grust and Maurice van Keulen and Stefan Manegold and Jan Rittinger and Jens Teubner},
  title = {{Pathfinder: XQuery - The Relational Way}},
  booktitle = {VLDB},
  year = {2005},
  pages = {1322-1325},
  ee = {http://www.vldb.org/conf/2005/papers/p1322-boncz.pdf},
  crossref = {conf/vldb/2005},
}














@proceedings{conf/edbt/2009,
  title = {{EDBT 2009, 12th International Conference on Extending Database Technology, Saint Petersburg, Russia, March 24-26, 2009, Proceedings}},
  booktitle = {EDBT},
  publisher = {ACM},
  series = {ACM International Conference Proceeding Series},
  volume = {360},
  year = {2009},
  isbn = {978-1-60558-422-5},
}

@proceedings{conf/bncod/2009,
  title = {{Dataspace: The Final Frontier, 26th British National Conference on Databases, BNCOD 26, Birmingham, UK, July 7-9, 2009. Proceedings}},
  booktitle = {BNCOD},
  publisher = {Springer},
  series = {Lecture Notes in Computer Science},
  volume = {5588},
  year = {2009},
  isbn = {978-3-642-02842-7},
  ee = {http://dx.doi.org/10.1007/978-3-642-02843-4},
}

@proceedings{conf/xsym/2009,
  title = {{Database and XML Technologies, 6th International XML Database Symposium, XSym 2009, Lyon, France, August 24, 2009. Proceedings}},
  booktitle = {XSym},
  publisher = {Springer},
  series = {Lecture Notes in Computer Science},
  volume = {5679},
  year = {2009},
  isbn = {978-3-642-03554-8},
}

@proceedings{conf/icdim/2008,
  title = {{Third IEEE International Conference on Digital Information Management (ICDIM), November 13-16, 2008, London, UK, Proceedings}},
  booktitle = {ICDIM},
  publisher = {IEEE},
  year = {2008},
  isbn = {978-1-4244-2917-2},
}

@proceedings{conf/avi/2008,
  title = {{Proceedings of the working conference on Advanced Visual Interfaces, AVI 2008, Napoli, Italy, May 28-30, 2008}},
  booktitle = {AVI},
  publisher = {ACM Press},
  year = {2008},
  isbn = {978-1-60558-141-5},
}

@proceedings{conf/btw/2007,
  title = {{Datenbanksysteme in Business, Technologie und Web (BTW 2007), 12. Fachtagung des GI-Fachbereichs "Datenbanken und Informationssysteme" (DBIS), Proceedings, 7.-9. M{\"a}rz 2007, Aachen, Germany}},
  booktitle = {BTW},
  publisher = {GI},
  series = {LNI},
  volume = {103},
  year = {2007},
  isbn = {978-3-88579-197-3},
}

@proceedings{conf/sigmod/2007,
  title = {{Proceedings of the ACM SIGMOD International Conference on Management of Data, Beijing, China, June 12-14, 2007}},
  booktitle = {SIGMOD Conference},
  publisher = {ACM},
  year = {2007},
  isbn = {978-1-59593-686-8},
}

@proceedings{conf/expdb/2006,
  title = {{Proceedings of the First International Workshop on Performance and Evaluation of Data Management Systems, ExpDB 2006, in cooperation with ACM SIGMOD, June 30, 2006, Chicago, Illinois, USA}},
  booktitle = {ExpDB},
  publisher = {ACM},
  year = {2006},
  isbn = {1-59593-463-4},
}

@proceedings{conf/gvd/2006,
  title = {{Tagungsband zum 18. GI-Workshop {\"u}ber Grundlagen von Datenbanken (18th GI-Workshop on the Foundations of Databases), Wittenberg, Sachsen-Anhalt, 6.-9. Juni 2006}},
  booktitle = {Grundlagen von Datenbanken},
  publisher = {Institute of Computer Science, Martin-Luther-University},
  year = {2006},
}

@proceedings{conf/xml/2006,
  title = {{XML Conference, Dec 5-7, 2006}},
  booktitle = {XML},
  year = {2006},
}

@proceedings{conf/ercimdl/2005,
  title = {{Research and Advanced Technology for Digital Libraries, 9th European Conference, ECDL 2005, Vienna, Austria, September 18-23, 2005, Proceedings}},
  booktitle = {ECDL},
  publisher = {Springer},
  series = {Lecture Notes in Computer Science},
  volume = {3652},
  year = {2005},
  isbn = {3-540-28767-1},
}

@proceedings{conf/vldb/2005,
  title = {Proceedings of the 31st International Conference on Very Large Data Bases, Trondheim, Norway, August 30 - September 2, 2005},
  publisher = {ACM},
  year = {2005},
  isbn = {1-59593-154-6, 1-59593-177-5},
}

@proceedings{conf/ximep/2005,
  title = {{Proceedings of the Second International Workshop on XQuery Implementation, Experience and Perspectives XIME-P, in cooperation with ACM SIGMOD, June 16-17, 2005, Baltimore, Maryland, USA}},
  booktitle = {XIME-P},
  year = {2005},
}

@proceedings{conf/www/2005,
  title = {{Proceedings of the 14th international conference on World Wide Web, WWW 2005, Chiba, Japan, May 10-14, 2005}},
  booktitle = {WWW},
  publisher = {ACM},
  year = {2005},
  isbn = {1-59593-046-9},
}

@proceedings{conf/sigmod/2004,
  editor = {Gerhard Weikum and Arnd Christian K{\"o}nig and Stefan De{\ss}loch},
  title = {{Proceedings of the ACM SIGMOD International Conference on Management of Data, Paris, France, June 13-18, 2004}},
  booktitle = {SIGMOD Conference},
  publisher = {ACM},
  year = {2004},
  isbn = {1-58113-859-8},
}

@proceedings{conf/inex/2004,
  title = {{Advances in XML Information Retrieval, Third International Workshop of the Initiative for the Evaluation of XML Retrieval, INEX 2004, Dagstuhl Castle, Germany, December 6-8, 2004, Revised Selected Papers}},
  booktitle = {INEX},
  publisher = {Springer},
  series = {Lecture Notes in Computer Science},
  volume = {3493},
  year = {2005},
  isbn = {3-540-26166-4}
}

@proceedings{conf/tdm/2004,
  title = {{First Twente Data Management Workshop (TDM 2004) on XML Databases and Information Retrieval, Enschede, The Netherlands, June 21, 2004}},
  booktitle = {TDM},
  publisher = {Centre for Telematics and Information Technology (CTIT), University of Twente, Enschede, The Netherlands},
  series = {CTIT Workshop Proceedings Series},
  year = {2004},
}
@proceedings {conf/planX/2004,
  title = {{PLAN-X 2004 Informal Proceedings}},
  address = {Venice, Italy},
  series = {BRICS Notes Series},
  number = {NS-03-4},
  year = {2004},
}

@proceedings{conf/adbis/2004,
  title = {{Advances in Databases and Information Systems, 8th East European Conference, ADBIS 2004, Budapest, Hungary, September 22-25, 2004, Proceesing}},
  year = {2004},
  booktitle = {ADBIS},
  publisher = {Springer},
  series = {Lecture Notes in Computer Science},
  volume = {3255},
}

@proceedings{conf/ximep/2004,
  title = {{Proceedings of the First International Workshop on XQuery Implementation, Experience and Perspectives XIME-P, in cooperation with ACM SIGMOD, June 17-18, 2004, Maison de la Chimie, Paris, France}},
  booktitle = {XIME-P},
  year = {2004},
}

@proceedings{conf/sigmod/2003,
  title = {{Proceedings of the 2003 ACM SIGMOD International Conference on Management of Data, San Diego, California, USA, June 9-12, 2003}},
  booktitle = {SIGMOD Conference},
  publisher = {ACM},
  year = {2003},
  isbn = {1-58113-634-X}
}

@proceedings{conf/vldb/2003,
editor = {Johann Christoph Freytag and Peter C. Lockemann and Serge Abiteboul and Michael J. Carey and Patricia G. Selinger and Andreas Heuer},
  title = {{VLDB 2003, Proceedings of 29th International Conference on Very Large Data Bases, September 9-12, 2003, Berlin, Germany}},
  publisher = {Morgan Kaufmann},
  year = {2003},
  isbn = {0-12-722442-4},
}

@proceedings{conf/xsym/2003,
  title = {{Database and XML Technologies, First International XML Database Symposium, XSym 2003, Berlin, Germany, September 8, 2003, Proceedings}},
  booktitle = {{XSym}},
  publisher = {Springer},
  series = {Lecture Notes in Computer Science},
  volume = {2824},
  year = {2003},
  isbn = {3-540-20055-X},
}

@proceedings{conf/adbis/2002,
  title = {{Advances in Databases and Information Systems, 6th East European Conference, ADBIS 2002, Bratislava, Slovakia, September 8-11, 2002, Proceedings}},
  booktitle = {ADBIS},
  publisher = {Springer},
  series = {Lecture Notes in Computer Science},
  volume = {2435},
  year = {2002},
  isbn = {3-540-44138-7},
}

@proceedings{conf/jit/2002,
  title = {{Web, Web-Services, and Database Systems, NODe 2002 Web and Database-Related Workshops, Erfurt, Germany, October 7-10, 2002, Revised Papers}},
  booktitle = {Web, Web-Services, and Database Systems},
  publisher = {Springer},
  series = {Lecture Notes in Computer Science},
  volume = {2593},
  year = {2003},
  isbn = {3-540-00745-8},
}

@proceedings{conf/edbtw/2002,
  title = {{XML-Based Data Management and Multimedia Engineering - EDBT 2002 Workshops, EDBT 2002 Workshops XMLDM, MDDE, and YRWS, Prague, Czech Republic, March 24-28, 2002, Revised Papers}},
  booktitle = {EDBT Workshops},
  publisher = {Springer},
  series = {Lecture Notes in Computer Science},
  volume = {2490},
  year = {2002},
  isbn = {3-540-00130-1},
}

@proceedings{conf/pods/2002,
  title = {{Proceedings of the Twenty-first ACM SIGACT-SIGMOD-SIGART Symposium on Principles of Database Systems, June 3-5, Madison, Wisconsin, USA}},
  publisher = {ACM},
  year = {2002},
}

@proceedings{conf/vldb/2002,
  editor = {Philip A. Bernstein and Yannis E. Ioannidis and Raghu Ramakrishnan and Dimitris Papadias},
  title = {{VLDB 2002, Proceedings of 28th International Conference on Very Large Data Bases, August 20-23, 2002, Hong Kong, China}},
  publisher = {Morgan Kaufmann},
  year = {2002},
}

@proceedings{conf/sigmod/2002,
  editor = {Michael J. Franklin and Bongki Moon and Anastassia Ailamaki},
  title = {{Proceedings of the 2002 ACM SIGMOD International Conference on Management of Data, Madison, Wisconsin, June 3-6, 2002}},
  publisher = {ACM},
  year = {2002},
  isbn = {1-58113-497-5},
}

@proceedings{conf/vldb/2001,
  title = {{VLDB 2001, Proceedings of 27th International Conference on Very Large Data Bases, September 11-14, 2001, Roma, Italy}},
  publisher = {Morgan Kaufmann},
  year = {2001},
  isbn = {1-55860-804-4},
}

@proceedings{conf/ideal/2000,
  title = {{Intelligent Data Engineering and Automated Learning -- IDEAL 2000, Data Mining, Financial Engineering, and Intelligent Agents, Second International Conference, Shatin, N.T. Hong Kong, China, December 13-15, 2000, Proceedings}},
  booktitle = {IDEAL},
  publisher = {Springer},
  series = {Lecture Notes in Computer Science},
  volume = {1983},
  year = {2000},
  isbn = {3-540-41450-9},
}

@proceedings{conf/icde/2000,
  title = {{Proceedings of the 16th International Conference on Data Engineering, 28 February-3 March, 2000, San Diego, California, USA}},
  booktitle = {ICDE},
  publisher = {IEEE Computer Society},
  year = {2000},
}

@proceedings{conf/webdb/2000,
  title = {{The World Wide Web and Databases, Third International Workshop WebDB 2000, Dallas, Texas, USA, Maaay 18-19, 2000, Selected Papers}},
  booktitle = {WebDB (Selected Papers)},
  publisher = {Springer},
  series = {Lecture Notes in Computer Science},
  volume = {1997},
  year = {2001},
  isbn = {3-540-41826-1},
}

@proceedings{conf/vldb/99,
editor = {Malcolm P. Atkinson and Maria E. Orlowska and Patrick Valduriez and Stanley B. Zdonik and Michael L. Brodie},
  title = {{VLDB'99, Proceedings of 25th International Conference on Very Large Data Bases, September 7-10, 1999, Edinburgh, Scotland, UK}},
  publisher = {Morgan Kaufmann},
  year = {1999},
  isbn = {1-55860-615-7},
}

@proceedings{conf/sigmod/99,
  title = {{SIGMOD 1999, Proceedings ACM SIGMOD International Conference on Management of Data, June 1-3, 1999, Philadelphia, Pennsylvania, USA}},
  publisher = {ACM Press},
  year = {1999},
  isbn = {1-58113-084-8},
}

@proceedings{conf/icdt/97,
  title = {{Database Theory -- ICDT '97, 6th International Conference, Delphi, Greece, January 8-10, 1997, Proceedings}},
  booktitle = {ICDT},
  publisher = {Springer},
  series = {Lecture Notes in Computer Science},
  volume = {1186},
  year = {1997},
  isbn = {3-540-62222-5}
}

@proceedings{conf/vldb/97,
  title = {{VLDB'97, Proceedings of 23rd International Conference on Very Large Data Bases, August 25-29, 1997, Athens, Greece}},
  publisher = {Morgan Kaufmann},
  year = {1997},
  isbn = {1-55860-470-7},
}

@proceedings{conf/pods/97,
  title = {{Proceedings of the Sixteenth ACM SIGACT-SIGMOD-SIGART Symposium on Principles of Database Systems, May 12-14, 1997, Tucson, Arizona}},
  publisher = {ACM Press},
  year = {1997},
  isbn = {0-89791-910-6}
}

@proceedings{conf/icde/95,
  title = {{Proceedings of the Eleventh International Conference on Data Engineering, March 6-10, 1995, Taipei, Taiwan}},
  publisher = {IEEE Computer Society},
  year = {1995},
  isbn = {0-8186-6910-1},
}

@proceedings{conf/sigmod/89,
  title = {{Proceedings of the 1989 ACM SIGMOD International Conference on Management of Data, Portland, Oregon, May 31 - June 2, 1989}},
  publisher = {ACM Press},
  year = {1989},
}

@proceedings{conf/sigplan/1984,
  title = {{Proceedings of the 1984 SIGPLAN Symposium on Compiler Construction, Montreal, Canada, June 17-22, 1984}},
  booktitle = {SIGPLAN Symposium on Compiler Construction},
  publisher = {ACM},
  year = {1984},
}

@proceedings{conf/stoc/STOC14,
  title = {{Proceedings of the Fourteenth Annual ACM Symposium on Theory of Computing, 5-7 May 1982, San Francisco, California, USA}},
  booktitle = {STOC},
  publisher = {ACM},
  year = {1982},
}

@proceedings{conf/sigmod/74,
  title = {{Proceedings of 1974 ACM-SIGMOD Workshop on Data Description, Access and Control, Ann Arbor, Michigan, May 1-3, 1974, 2 Volumes}},
  publisher = {ACM},
  year = {1974},
}

@ONLINE{ogc,
author = {Greg Buehler and Carl Reed},
title = {Open {G}eospatial {C}onsortium ({OGC}) {O}rientation {S}lides},
year = {2011},
howpublished = {{https://portal.opengeospatial.org/files/}}
}

@book{powell,
  title={Beginning XML Databases},
  author={Powell, G.},
  isbn={9780471791201},
  lccn={2006032715},
  series={Programmer to programmer},
  url={http://books.google.de/books?id=-9vNi1tqpP0C},
  year={2007},
  publisher={Wiley}
}

@misc{gml31,
  added-at = {2009-01-14T00:43:43.000+0100},
  author = {{Open Geospatial Consortium}},
  biburl = {http://www.bibsonomy.org/bibtex/2e6130f6e522b502bb89ddad0a8d58385/dret},
  description = {dret'd bibliography},
  editor = {Cox, Simon and Daisey, Paul and Lake, Ron and Portele, Clemens and Whiteside, Arliss},
  howpublished = {OGC 03-105r1, Version 3.1.1},
  interhash = {273ed98be4c84d87f7894067352e7b0c},
  intrahash = {e6130f6e522b502bb89ddad0a8d58385},
  keywords = {imported},
  month = {February},
  timestamp = {2009-01-14T00:43:43.000+0100},
  title = {OpenGIS Geography Markup Language (GML) Encoding Specification},
  topic = {gml[1] opengis[0.9]},
  uri = {http://portal.opengeospatial.org/files/?artifact_id=4700},
  year = 2004
}

@book{springergeo,
  title={Springer Handbook of Geographic Information},
  author={Kresse, W. and Danko, D.M.},
  isbn={9783540726784},
  lccn={2011941320},
  series={Springer Handbook of Geographic Information},
  url={http://books.google.de/books?id=4p1zYJ9BDFAC},
  year={2011},
  publisher={Springer Verlag}
}

@MISC{projected,
author = {Apple Inc.},
title = {Location and Maps Programming Guide},
month = "March",
year = {2014},
howpublished={\url{https://developer.apple.com/library/ios/documentation/userexperience/conceptual/LocationAwarenessPG/LocationAwarenessPG.pdf}}
}

@MISC{geotools,
author = {GeoTools Project Management Committee},
title = {GeoTools The Open Source Java GIS Toolkit},
year = {2012},
howpublished={\url{https://http://geotools.org/}}
}

@inproceedings{Zhao2008,
 author = {Zhao, Tian and Zhang, Chuanrong and Wei, Mingzhen and Peng, Zhong-Ren},
 title = {Ontology-Based Geospatial Data Query and Integration},
 booktitle = {Proceedings of the 5th International Conference on Geographic Information Science},
 series = {GIScience '08},
 year = {2008},
 isbn = {978-3-540-87472-0},
 location = {Park City, UT, USA},
 pages = {370--392},
 numpages = {23},
 url = {http://dx.doi.org/10.1007/978-3-540-87473-7_24},
 doi = {10.1007/978-3-540-87473-7_24},
 acmid = {1434048},
 publisher = {Springer-Verlag},
 address = {Berlin, Heidelberg},
} 

@inproceedings{Wei2011,
 author = {Wei, Qingting},
 title = {A Query-friendly Compression for GML Documents},
 booktitle = {Proceedings of the 16th International Conference on Database Systems for Advanced Applications},
 series = {DASFAA'11},
 year = {2011},
 isbn = {978-3-642-20243-8},
 location = {Hong Kong, China},
 pages = {77--88},
 numpages = {12},
 url = {http://dl.acm.org/citation.cfm?id=1996686.1996698},
 acmid = {1996698},
 publisher = {Springer-Verlag},
 address = {Berlin, Heidelberg},
 keywords = {GML, algorithm, compression, model, query},
} 

@inproceedings{Schwarz2004,
  added-at = {2004-10-15T00:00:00.000+0200},
  author = {Schwarz, Thomas and Hönle, Nicola and Großmann, Matthias and Nicklas, Daniela},
  biburl = {http://www.bibsonomy.org/bibtex/2d06e3b714307446754c223137f68e3a1/dblp},
  booktitle = {PerCom Workshops},
  crossref = {conf/percom/2004w},
  date = {2004-10-15},
  description = {dblp},
  ee = {http://csdl.computer.org/comp/proceedings/percomw/2004/2106/00/21060048abs.htm},
  interhash = {cc5c57239c46441bd074f29c970b4cf4},
  intrahash = {d06e3b714307446754c223137f68e3a1},
  keywords = {dblp},
  pages = {48-54},
  publisher = {IEEE Computer Society},
  timestamp = {2004-10-15T00:00:00.000+0200},
  title = {A Library for Managing Spatial Context Using Arbitrary Coordinate Systems.},
  url = {http://dblp.uni-trier.de/db/conf/percom/percomw2004.html#SchwarzHGN04},
  year = 2004
}

